<?xml version="1.0" encoding="UTF-8" ?><marc:collection xmlns:marc="http://www.loc.gov/MARC21/slim" xmlns:xsi="http://www.w3.org/2001/XMLSchema-instance" xsi:schemaLocation="http://www.loc.gov/MARC21/slim http://www.loc.gov/standards/marcxml/schema/MARC21slim.xsd">
<marc:record><marc:leader>05250cam a2200481 ia4500</marc:leader>
<marc:controlfield tag="001">b12378574</marc:controlfield>
<marc:controlfield tag="003">LeBAU</marc:controlfield><marc:controlfield tag="005">20130925</marc:controlfield><marc:controlfield tag="008">970304s1903    ua            ||0 0 ara d</marc:controlfield><marc:datafield tag="035" ind1=" " ind2=" "><marc:subfield code="a">(u)2008012</marc:subfield></marc:datafield><marc:datafield tag="035" ind1=" " ind2=" "><marc:subfield code="a">ocn784291005</marc:subfield></marc:datafield><marc:datafield tag="040" ind1=" " ind2=" "><marc:subfield code="a">LEAUB</marc:subfield><marc:subfield code="b">ara</marc:subfield><marc:subfield code="e">rda</marc:subfield><marc:subfield code="c">LEAUB</marc:subfield><marc:subfield code="d">LEAUB</marc:subfield></marc:datafield><marc:datafield tag="082" ind1="0" ind2="4"><marc:subfield code="a">297.207</marc:subfield><marc:subfield code="2">20</marc:subfield></marc:datafield><marc:datafield tag="100" ind1="1" ind2=" "><marc:subfield code="6">880-01</marc:subfield><marc:subfield code="a">Ṭabarī,</marc:subfield><marc:subfield code="d">838?-923,</marc:subfield><marc:subfield code="e">author.</marc:subfield></marc:datafield><marc:datafield tag="240" ind1="1" ind2="0"><marc:subfield code="6">880-02</marc:subfield><marc:subfield code="a">Jāmi‘ al-Bayān fī tafsīr al-Qur’ān</marc:subfield></marc:datafield><marc:datafield tag="245" ind1="1" ind2="0"><marc:subfield code="6">880-03</marc:subfield><marc:subfield code="a">Tafsīr al-imām al-kabīr wa-al-‘allāmah al-shahīr man aṭbaqat al-’ummah ‘alá taqaddumihi fī al-tafsīr wa-ja‘alathu ḥujjatan idhā waqa‘a al-nizā‘ fī al-ta‘bīr al-Imām Abī Ja‘far Muḥammad ibn Jurayr al-Ṭabarī al-musammá Jāmi‘ al-Bayān fī tafsīr al-Qur’ān. wa-li-ajl tamām al-naf‘ waḍa‘nā bi-al-hāmish Tafsīr Gharāʼib al-Qurʼān wa-Raghāʼib al-Furqān / lil-‘allāmah Niẓām al-Dīn al-Ḥasan ibn Muḥammad ibn Ḥusayn al-Qamī al-Nīsābūrī.</marc:subfield></marc:datafield><marc:datafield tag="264" ind1=" " ind2="1"><marc:subfield code="6">880-04</marc:subfield><marc:subfield code="a">Miṣr :</marc:subfield><marc:subfield code="b">al-Maṭba‘ah al-Maymanīyah,</marc:subfield><marc:subfield code="c">1321 H. [1903? M.]</marc:subfield></marc:datafield><marc:datafield tag="300" ind1=" " ind2=" "><marc:subfield code="6">880-05</marc:subfield><marc:subfield code="a">30 volumes in 10 ;</marc:subfield><marc:subfield code="c">28 cm</marc:subfield></marc:datafield><marc:datafield tag="336" ind1=" " ind2=" "><marc:subfield code="a">text</marc:subfield><marc:subfield code="b">txt</marc:subfield><marc:subfield code="2">rdacontent</marc:subfield></marc:datafield><marc:datafield tag="337" ind1=" " ind2=" "><marc:subfield code="a">unmediated</marc:subfield><marc:subfield code="b">n</marc:subfield><marc:subfield code="2">rdamedia</marc:subfield></marc:datafield><marc:datafield tag="338" ind1=" " ind2=" "><marc:subfield code="a">volume</marc:subfield><marc:subfield code="b">nc</marc:subfield><marc:subfield code="2">rdacarrier</marc:subfield></marc:datafield><marc:datafield tag="505" ind1="0" ind2=" "><marc:subfield code="a">الجزء الأول: الجزء الأول والثاني والثالث --الجزء الثاني: الجزء الرابع والخامس والسادس --الجزء الثالث: الجزء السابع والثامن والتاسع --الجزء الرابع: الجزء العاشر والحادي عشر والثاني عشر --الجزء الخامس: الجزء الثالث عشر والرابع عشر والخامس عشر --الجزء السادس: الجزء السادس عشر والسابع عشر والثامن عشر --الجزء السابع: الجزء التاسع عشر والعشرون والحادي والعشرون --الجزء الثامن: الجزء الثاني والعشرون والثالث والعشرون والرابع والعشرون --الجزء التاسع: الجزء الخامس والعشرون والسادس والعشرون والسابع والعشرون --الجزء العاشر: الجزء الثامن والعشرون والتاسع والعشرون والثلاثون.</marc:subfield></marc:datafield><marc:datafield tag="630" ind1="0" ind2="0"><marc:subfield code="a">Qur'an</marc:subfield><marc:subfield code="x">Hermeneutics.</marc:subfield></marc:datafield><marc:datafield tag="700" ind1="1" ind2="2"><marc:subfield code="6">880-06</marc:subfield><marc:subfield code="a">Nīsābūrī, Niẓām al-Dīn al-Ḥasan ibn Muḥammad,</marc:subfield><marc:subfield code="d">-1328 or 1329.</marc:subfield><marc:subfield code="t">Tafsīr Gharāʼib al-Qurʼān wa-Raghāʼib al-Furqān.</marc:subfield></marc:datafield><marc:datafield tag="852" ind1=" " ind2=" "><marc:subfield code="a">Jafet Archives and Special Collections</marc:subfield><marc:subfield code="e">American University of Beirut, Bliss Street, Beirut, ‎Lebanon.‎</marc:subfield></marc:datafield><marc:datafield tag="880" ind1="0" ind2=" "><marc:subfield code="6">100-01/(3/r</marc:subfield><marc:subfield code="a">الطبري، ابو جعفر محمد بن جرير،</marc:subfield><marc:subfield code="d">839-923،</marc:subfield><marc:subfield code="e">مؤلف. </marc:subfield><marc:subfield code="4">aut.</marc:subfield></marc:datafield><marc:datafield tag="880" ind1="1" ind2="0"><marc:subfield code="6">240-02/(3/r</marc:subfield><marc:subfield code="a">جامع البيان في تفسير القرآن</marc:subfield></marc:datafield><marc:datafield tag="880" ind1="1" ind2="0"><marc:subfield code="6">245-03/(3/r</marc:subfield><marc:subfield code="a">تفسير الإمام الكبير والعلامة الشهير من أطبقت الأمة على تقدمه في التفسير وجعلته حجة إذا وقع النزاع في التعبير الإمام أبي جعفر محمد بن جرير الطبري المسمى جامع البيان في تفسير القرآن. ولأجل تمام النفع وضعنا بالهامش تفسير غرائب القرآن ورغائب الفرقان / للعلامة نظام الدين الحسن إبن محمد بن حسين القمي النيسابوري.</marc:subfield></marc:datafield><marc:datafield tag="880" ind1=" " ind2="1"><marc:subfield code="6">264-04/(3/r</marc:subfield><marc:subfield code="a">مصر :</marc:subfield><marc:subfield code="b">المطبعة الميمنية،</marc:subfield><marc:subfield code="c">1321هـ. [1903؟ م.]</marc:subfield></marc:datafield><marc:datafield tag="880" ind1=" " ind2=" "><marc:subfield code="6">300-05/(3/r</marc:subfield><marc:subfield code="a">30 جزء في 10 ؛</marc:subfield><marc:subfield code="c">28 سم</marc:subfield></marc:datafield><marc:datafield tag="880" ind1="1" ind2="2"><marc:subfield code="6">700-06/(3/r</marc:subfield><marc:subfield code="a">النيسابوري، نظام الدين الحسن بن محمد.</marc:subfield><marc:subfield code="t">تفسير غرائب القرآن ورغائب الفرقان.</marc:subfield></marc:datafield><marc:datafield tag="907" ind1=" " ind2=" "><marc:subfield code="a">.b12378574</marc:subfield><marc:subfield code="b">15-05-13</marc:subfield><marc:subfield code="c">11-05-24</marc:subfield></marc:datafield><marc:datafield tag="998" ind1=" " ind2=" "><marc:subfield code="a">u03</marc:subfield><marc:subfield code="b">97-03-04</marc:subfield><marc:subfield code="c">m</marc:subfield><marc:subfield code="d">a</marc:subfield><marc:subfield code="e">-</marc:subfield><marc:subfield code="f">ara</marc:subfield><marc:subfield code="g">ua </marc:subfield><marc:subfield code="h">0</marc:subfield><marc:subfield code="i">10</marc:subfield></marc:datafield><marc:datafield tag="945" ind1=" " ind2=" "><marc:subfield code="f">CA</marc:subfield><marc:subfield code="a">297.207:T11jA:v.1:c.1</marc:subfield><marc:subfield code="g">1</marc:subfield><marc:subfield code="i">01010402</marc:subfield><marc:subfield code="j">0</marc:subfield><marc:subfield code="l">u0304</marc:subfield><marc:subfield code="n">RESTORATION-ASC</marc:subfield><marc:subfield code="o">j</marc:subfield><marc:subfield code="p">$0.00</marc:subfield><marc:subfield code="q">t</marc:subfield><marc:subfield code="r">0</marc:subfield><marc:subfield code="s">p</marc:subfield><marc:subfield code="t">0</marc:subfield><marc:subfield code="u">0</marc:subfield><marc:subfield code="v">0</marc:subfield><marc:subfield code="w">0</marc:subfield><marc:subfield code="x">0</marc:subfield><marc:subfield code="y">.i12834099</marc:subfield><marc:subfield code="z">11-05-24</marc:subfield><marc:subfield code="d">14-07-01</marc:subfield></marc:datafield><marc:datafield tag="945" ind1=" " ind2=" "><marc:subfield code="f">CA</marc:subfield><marc:subfield code="a">297.207:T11jA:v.2:c.1</marc:subfield><marc:subfield code="g">1</marc:subfield><marc:subfield code="i">01010403</marc:subfield><marc:subfield code="j">0</marc:subfield><marc:subfield code="l">u0304</marc:subfield><marc:subfield code="n">RESTORATION-ASC</marc:subfield><marc:subfield code="o">j</marc:subfield><marc:subfield code="p">$0.00</marc:subfield><marc:subfield code="q">-</marc:subfield><marc:subfield code="r">0</marc:subfield><marc:subfield code="s">p</marc:subfield><marc:subfield code="t">0</marc:subfield><marc:subfield code="u">0</marc:subfield><marc:subfield code="v">0</marc:subfield><marc:subfield code="w">0</marc:subfield><marc:subfield code="x">0</marc:subfield><marc:subfield code="y">.i12834105</marc:subfield><marc:subfield code="z">11-05-24</marc:subfield><marc:subfield code="d">14-07-01</marc:subfield></marc:datafield><marc:datafield tag="945" ind1=" " ind2=" "><marc:subfield code="f">CA</marc:subfield><marc:subfield code="a">297.207:T11jA:v.3:c.1</marc:subfield><marc:subfield code="g">1</marc:subfield><marc:subfield code="i">01010405</marc:subfield><marc:subfield code="j">0</marc:subfield><marc:subfield code="l">u0304</marc:subfield><marc:subfield code="n">RESTORATION-ASC</marc:subfield><marc:subfield code="o">j</marc:subfield><marc:subfield code="p">$0.00</marc:subfield><marc:subfield code="q">-</marc:subfield><marc:subfield code="r">0</marc:subfield><marc:subfield code="s">p</marc:subfield><marc:subfield code="t">0</marc:subfield><marc:subfield code="u">0</marc:subfield><marc:subfield code="v">0</marc:subfield><marc:subfield code="w">0</marc:subfield><marc:subfield code="x">0</marc:subfield><marc:subfield code="y">.i12834117</marc:subfield><marc:subfield code="z">11-05-24</marc:subfield><marc:subfield code="d">14-07-01</marc:subfield></marc:datafield><marc:datafield tag="945" ind1=" " ind2=" "><marc:subfield code="f">CA</marc:subfield><marc:subfield code="a">297.207:T11jA:v.4:c.1</marc:subfield><marc:subfield code="g">1</marc:subfield><marc:subfield code="i">01010411</marc:subfield><marc:subfield code="j">0</marc:subfield><marc:subfield code="l">u0304</marc:subfield><marc:subfield code="n">RESTORATION-ASC</marc:subfield><marc:subfield code="o">j</marc:subfield><marc:subfield code="p">$0.00</marc:subfield><marc:subfield code="q">-</marc:subfield><marc:subfield code="r">0</marc:subfield><marc:subfield code="s">p</marc:subfield><marc:subfield code="t">0</marc:subfield><marc:subfield code="u">0</marc:subfield><marc:subfield code="v">0</marc:subfield><marc:subfield code="w">0</marc:subfield><marc:subfield code="x">0</marc:subfield><marc:subfield code="y">.i12834129</marc:subfield><marc:subfield code="z">11-05-24</marc:subfield><marc:subfield code="d">14-07-01</marc:subfield></marc:datafield><marc:datafield tag="945" ind1=" " ind2=" "><marc:subfield code="f">CA</marc:subfield><marc:subfield code="a">297.207:T11jA:v.5:c.1</marc:subfield><marc:subfield code="g">1</marc:subfield><marc:subfield code="i">01010412</marc:subfield><marc:subfield code="j">0</marc:subfield><marc:subfield code="l">u0304</marc:subfield><marc:subfield code="n">RESTORATION-ASC</marc:subfield><marc:subfield code="o">j</marc:subfield><marc:subfield code="p">$0.00</marc:subfield><marc:subfield code="q">-</marc:subfield><marc:subfield code="r">0</marc:subfield><marc:subfield code="s">p</marc:subfield><marc:subfield code="t">0</marc:subfield><marc:subfield code="u">0</marc:subfield><marc:subfield code="v">0</marc:subfield><marc:subfield code="w">0</marc:subfield><marc:subfield code="x">0</marc:subfield><marc:subfield code="y">.i12834130</marc:subfield><marc:subfield code="z">11-05-24</marc:subfield><marc:subfield code="d">14-07-01</marc:subfield></marc:datafield><marc:datafield tag="945" ind1=" " ind2=" "><marc:subfield code="f">CA</marc:subfield><marc:subfield code="a">297.207:T11jA:v.6:c.1</marc:subfield><marc:subfield code="g">1</marc:subfield><marc:subfield code="i">01010413</marc:subfield><marc:subfield code="j">0</marc:subfield><marc:subfield code="l">u0304</marc:subfield><marc:subfield code="n">RESTORATION-ASC</marc:subfield><marc:subfield code="o">j</marc:subfield><marc:subfield code="p">$0.00</marc:subfield><marc:subfield code="q">-</marc:subfield><marc:subfield code="r">0</marc:subfield><marc:subfield code="s">p</marc:subfield><marc:subfield code="t">0</marc:subfield><marc:subfield code="u">0</marc:subfield><marc:subfield code="v">0</marc:subfield><marc:subfield code="w">0</marc:subfield><marc:subfield code="x">0</marc:subfield><marc:subfield code="y">.i12834142</marc:subfield><marc:subfield code="z">11-05-24</marc:subfield><marc:subfield code="d">14-07-01</marc:subfield></marc:datafield><marc:datafield tag="945" ind1=" " ind2=" "><marc:subfield code="f">CA</marc:subfield><marc:subfield code="a">297.207:T11jA:v.7:c.1</marc:subfield><marc:subfield code="g">1</marc:subfield><marc:subfield code="i">01010414</marc:subfield><marc:subfield code="j">0</marc:subfield><marc:subfield code="l">u0304</marc:subfield><marc:subfield code="n">RESTORATION-ASC</marc:subfield><marc:subfield code="o">j</marc:subfield><marc:subfield code="p">$0.00</marc:subfield><marc:subfield code="q">-</marc:subfield><marc:subfield code="r">0</marc:subfield><marc:subfield code="s">p</marc:subfield><marc:subfield code="t">0</marc:subfield><marc:subfield code="u">0</marc:subfield><marc:subfield code="v">0</marc:subfield><marc:subfield code="w">0</marc:subfield><marc:subfield code="x">0</marc:subfield><marc:subfield code="y">.i12834154</marc:subfield><marc:subfield code="z">11-05-24</marc:subfield><marc:subfield code="d">14-07-01</marc:subfield></marc:datafield><marc:datafield tag="945" ind1=" " ind2=" "><marc:subfield code="f">CA</marc:subfield><marc:subfield code="a">297.207:T11jA:v.8:c.1</marc:subfield><marc:subfield code="g">1</marc:subfield><marc:subfield code="i">01010415</marc:subfield><marc:subfield code="j">0</marc:subfield><marc:subfield code="l">u0304</marc:subfield><marc:subfield code="n">RESTORATION-ASC</marc:subfield><marc:subfield code="o">j</marc:subfield><marc:subfield code="p">$0.00</marc:subfield><marc:subfield code="q">-</marc:subfield><marc:subfield code="r">0</marc:subfield><marc:subfield code="s">p</marc:subfield><marc:subfield code="t">0</marc:subfield><marc:subfield code="u">0</marc:subfield><marc:subfield code="v">0</marc:subfield><marc:subfield code="w">0</marc:subfield><marc:subfield code="x">0</marc:subfield><marc:subfield code="y">.i12834166</marc:subfield><marc:subfield code="z">11-05-24</marc:subfield><marc:subfield code="d">14-07-01</marc:subfield></marc:datafield><marc:datafield tag="945" ind1=" " ind2=" "><marc:subfield code="f">CA</marc:subfield><marc:subfield code="a">297.207:T11jA:v.10:c.1</marc:subfield><marc:subfield code="g">1</marc:subfield><marc:subfield code="i">01010416</marc:subfield><marc:subfield code="j">0</marc:subfield><marc:subfield code="l">u0304</marc:subfield><marc:subfield code="n">RESTORATION-ASC</marc:subfield><marc:subfield code="o">j</marc:subfield><marc:subfield code="p">$0.00</marc:subfield><marc:subfield code="q">-</marc:subfield><marc:subfield code="r">0</marc:subfield><marc:subfield code="s">p</marc:subfield><marc:subfield code="t">0</marc:subfield><marc:subfield code="u">0</marc:subfield><marc:subfield code="v">0</marc:subfield><marc:subfield code="w">0</marc:subfield><marc:subfield code="x">0</marc:subfield><marc:subfield code="y">.i12834178</marc:subfield><marc:subfield code="z">11-05-24</marc:subfield><marc:subfield code="d">14-07-01</marc:subfield></marc:datafield><marc:datafield tag="945" ind1=" " ind2=" "><marc:subfield code="f">CA</marc:subfield><marc:subfield code="a">297.207:T11jA:v.9:c.1</marc:subfield><marc:subfield code="g">1</marc:subfield><marc:subfield code="i">01010417</marc:subfield><marc:subfield code="j">0</marc:subfield><marc:subfield code="l">u0304</marc:subfield><marc:subfield code="n">RESTORATION-ASC</marc:subfield><marc:subfield code="o">j</marc:subfield><marc:subfield code="p">$0.00</marc:subfield><marc:subfield code="q">-</marc:subfield><marc:subfield code="r">0</marc:subfield><marc:subfield code="s">p</marc:subfield><marc:subfield code="t">0</marc:subfield><marc:subfield code="u">0</marc:subfield><marc:subfield code="v">0</marc:subfield><marc:subfield code="w">0</marc:subfield><marc:subfield code="x">0</marc:subfield><marc:subfield code="y">.i1283418x</marc:subfield><marc:subfield code="z">11-05-24</marc:subfield><marc:subfield code="d">14-07-01</marc:subfield></marc:datafield></marc:record>
</marc:collection>
